@article{roux_15,
  TITLE = {{Formal Proofs of Rounding Error Bounds}},
  AUTHOR = {Roux, Pierre},
  URL = {https://hal.science/hal-01091189},
  JOURNAL = {{Journal of Automated Reasoning}},
  PUBLISHER = {{Springer Verlag}},
  PAGES = {23},
  YEAR = {2015},
  DOI = {10.1007/s10817-015-9339-z},
  KEYWORDS = {floating-point arithmetic ; rounding error ; numerical analysis ; proof assistant ; Coq ; matrices ; Cholesky decomposition},
  PDF = {https://hal.science/hal-01091189v2/file/submission.pdf},
  HAL_ID = {hal-01091189},
  HAL_VERSION = {v2},
}

@ARTICLE{IEEEstd,
  author={},
  journal={IEEE Std 754-2019 (Revision of IEEE 754-2008)}, 
  title={IEEE Standard for Floating-Point Arithmetic}, 
  year={2019},
  volume={},
  number={},
  pages={1-84},
  doi={10.1109/IEEESTD.2019.8766229}}

  @INPROCEEDINGS{flocq,
  author={Boldo, Sylvie and Melquiond, Guillaume},
  booktitle={2011 IEEE 20th Symposium on Computer Arithmetic}, 
  title={Flocq: A Unified Library for Proving Floating-Point Algorithms in Coq}, 
  year={2011},
  volume={},
  number={},
  pages={243-252},
  doi={10.1109/ARITH.2011.40}}


  @article {blast,
	title = {Basic Linear Algebra Subprograms Technical (BLAST) Forum Standard},
	journal = {International Journal of High Performance Computing Applications: Special Issue - Part I \& II},
	volume = {16},
	number = {1-2},
	year = {2002},
	month = {2002-01},
	pages = {1-199}
}

@article{blas02,
title = {An Updated Set of Basic Linear Algebra Subprograms (BLAS)},
year = {2002},
issue_date = {June 2002},
publisher = {Association for Computing Machinery},
address = {New York, NY, USA},
volume = {28},
number = {2},
issn = {0098-3500},
url = {https://doi.org/10.1145/567806.567807},
doi = {10.1145/567806.567807},
journal = {ACM Trans. Math. Softw.},
month = {jun},
pages = {135â€“151},
numpages = {17},
keywords = {linear algebra, standards, BLAS}
}



@book{higham_book,
author = {Higham, Nicholas J.},
title = {Accuracy and Stability of Numerical Algorithms},
publisher = {Society for Industrial and Applied Mathematics},
year = {2002},
doi = {10.1137/1.9780898718027},
address = {},
edition   = {Second},
URL = {https://epubs.siam.org/doi/abs/10.1137/1.9780898718027},
eprint = {https://epubs.siam.org/doi/pdf/10.1137/1.9780898718027}
}